<?xml version="1.0" encoding="UTF-8"?><collection xmlns="http://www.loc.gov/MARC21/slim"><record><leader>00458nam--2200145-i-4500</leader><controlfield tag="001">000003090</controlfield><controlfield tag="002">20161230</controlfield><controlfield tag="005">20170304141204</controlfield><controlfield tag="008">060222s1000------------r-----000-0-eng-d</controlfield><datafield ind1=" " ind2=" " tag="100"><subfield code="a">Diefenbach, Werner</subfield></datafield><datafield ind1=" " ind2=" " tag="245"><subfield code="a">Die furzwellen. Eine einfuhrung in das wesen und die technik fur den rundfunkhorer 4-te vollig neu bearbeitete auflage</subfield></datafield><datafield ind1=" " ind2=" " tag="260"><subfield code="a">Munchen</subfield><subfield code="b">Franzis Verlag</subfield><subfield code="c">1955</subfield></datafield><datafield ind1=" " ind2=" " tag="300"><subfield code="a">255 p</subfield></datafield><datafield ind1=" " ind2=" " tag="700"><subfield code="a">Diefenbach, Behn</subfield></datafield><datafield ind1=" " ind2=" " tag="CAT"><subfield code="a">SYS</subfield><subfield code="c">20170304</subfield><subfield code="h">141204</subfield></datafield></record></collection>